<?xml version="1.0" encoding="UTF-8"?><collection xmlns="http://www.loc.gov/MARC21/slim"><record><leader>00426nam--2200133-i-4500</leader><controlfield tag="001">000013852</controlfield><controlfield tag="002">20161230</controlfield><controlfield tag="005">20161230201030</controlfield><controlfield tag="008">060222s1000------------r-----000-0-eng-d</controlfield><datafield ind1=" " ind2=" " tag="080"><subfield code="a">550.34(45)</subfield></datafield><datafield ind1=" " ind2=" " tag="100"><subfield code="a">Baratta, Mario</subfield></datafield><datafield ind1=" " ind2=" " tag="245"><subfield code="a">La catastrofe sismica. calabro messinese. 28 dicembre 1908. relatione alla societa geografica italiana</subfield></datafield><datafield ind1=" " ind2=" " tag="260"><subfield code="a">Roma, Presso La Societa Geografica Italiana, 1910. Xv + 426 P</subfield></datafield><datafield ind1=" " ind2=" " tag="852"><subfield code="a">48069</subfield></datafield></record></collection>